@article{weisenberger2008comprehensive,
  title={Comprehensive DNA methylation analysis on the Illumina Infinium assay platform},
  author={Weisenberger, DJ and Van Den Berg, D and Pan, F and Berman, BP and Laird, PW},
  journal={Illumina, San Diego},
  year={2008}
}

@misc{infinium450,
	title={InfiniumÂ® HumanMethylation450 BeadChip},
	url={https://cancergenome.nih.gov/abouttcga/aboutdata/platformdesign/illuminamethylation450}
}

@article{du2010comparison,
  title={Comparison of Beta-value and M-value methods for quantifying methylation levels by microarray analysis},
  author={Du, Pan and Zhang, Xiao and Huang, Chiang-Ching and Jafari, Nadereh and Kibbe, Warren A and Hou, Lifang and Lin, Simon M},
  journal={BMC bioinformatics},
  volume={11},
  number={1},
  pages={587},
  year={2010},
  publisher={BioMed Central}
}

@article{dedeurwaerder2011evaluation,
  title={Evaluation of the Infinium Methylation 450K technology},
  author={Dedeurwaerder, Sarah and Defrance, Matthieu and Calonne, Emilie and Denis, H{\'e}lene and Sotiriou, Christos and Fuks, Fran{\c{c}}ois},
  journal={Epigenomics},
  volume={3},
  number={6},
  pages={771--784},
  year={2011},
  publisher={Future Medicine}
}

@article{amberger2008OMIM,
  title={McKusick's online Mendelian inheritance in man (OMIM{\textregistered})},
  author={Amberger, Joanna and Bocchini, Carol A and Scott, Alan F and Hamosh, Ada},
  journal={Nucleic acids research},
  volume={37},
  number={suppl\_1},
  pages={D793--D796},
  year={2008},
  publisher={Oxford University Press}
}

@article{paz2003genetic,
  title={Genetic unmasking of epigenetically silenced tumor suppressor genes in colon cancer cells deficient in DNA methyltransferases},
  author={Paz, Maria F and Wei, Susan and Cigudosa, Juan C and Rodriguez-Perales, Sandra and Peinado, Miguel A and Huang, Tim Hui-Ming and Esteller, Manel},
  journal={Human Molecular Genetics},
  volume={12},
  number={17},
  pages={2209--2219},
  year={2003},
  publisher={Oxford University Press}
}

@article{wang2012ima,
  title={IMA: an R package for high-throughput analysis of Illumina's 450K Infinium methylation data},
  author={Wang, Dan and Yan, Li and Hu, Qiang and Sucheston, Lara E and Higgins, Michael J and Ambrosone, Christine B and Johnson, Candace S and Smiraglia, Dominic J and Liu, Song},
  journal={Bioinformatics},
  volume={28},
  number={5},
  pages={729--730},
  year={2012},
  publisher={Oxford University Press}
}

@article{gentleman2004bioconductor,
  title={Bioconductor: open software development for computational biology and bioinformatics},
  author={Gentleman, Robert C and Carey, Vincent J and Bates, Douglas M and Bolstad, Ben and Dettling, Marcel and Dudoit, Sandrine and Ellis, Byron and Gautier, Laurent and Ge, Yongchao and Gentry, Jeff and others},
  journal={Genome biology},
  volume={5},
  number={10},
  pages={R80},
  year={2004},
  publisher={Springer}
}

